@misc{artyomjs,
    author = "{Carlos Delgado}",
    title = "Artyom.js",
    howpublished = "\url{https://sdkcarlos.github.io/sites/artyom.html}",
    year = "2022"
}

@misc{pokeapi,
    author = "{PokeAPI}",
    title = "The RESTful Pok√©mon API",
    howpublished = "\url{https://pokeapi.co}",
    year = "2022"
}

@misc{jquery,
    author = "{jQuery Team}",
    title = "jQuery: Write Less, Do More",
    howpublished = "\url{https://jquery.com/}",
    year = "2022"
}

@misc{bootstrap,
    key = "Bootstrap",
    title = "Bootstrap: The most popular HTML, CSS, and JS library in the world",
    howpublished = "\url{https://getbootstrap.com/}"
}